@article{Fan2018,
  author = {Fan, Jiwen and Rosenfeld, Daniel and Zhang, Yuwei and Giangrande, Scott E. and Li, Zhanqing and Machado, Luiz A. T. and Martin, Scot T. and Yang, Yan and Wang, Jian and Artaxo, Paulo and Barbosa, Henrique M. J. and Braga, Ramon C. and Comstock, Jennifer M. and Feng, Zhe and Gao, Wenhua and Gomes, Helber B. and Mei, Fan and P\"{o}hlker, Christopher and P\"{o}hlker, Mira L. and P\"{o}schl, Ulrich and de Souza, Rodrigo A. F.},
  doi = {10.1126/science.aan8461},
  issue = {6374},
  journal = {Science},
  language = {en},
  month = {1},
  pages = {411--418},
  publisher = {American Association for the Advancement of Science (AAAS)},
  title = {Substantial convection and precipitation enhancements by ultrafine aerosol particles},
  type = {article},
  url = {http://dx.doi.org/10.1126/science.aan8461},
  volume = {359},
  year = {2018},
}
